@book{cormode20,
  author = {Graham Cormode and Ke Yi},
  editor = {},
  title = {Small Summaries for Big Data},
  publisher = {Cambridge Univ.\@ Press},
  year = {2020},

  edition = {},
  series = {},
  address = {Cambridge, U.K.\@},
  month = {},
  volume = {},
  number = {},
  note = {},

  language = {},
  url = {},
}

@electronic{dua18,
  author = {Dheeru Dua and Casey Graff},
  month = {},
  year = {2018},
  title = {Data Sets},
  howpublished = {},
  organization = {UCI Machine Learning Repository},
  address = {},
  note = {},

  language = {},
  url = {https://archive.ics.uci.edu/ml/datasets.php},
}

@electronic{demaine14,
  author = {Erik Demaine and MohammadTaghi Hajiaghayi},
  month = {},
  year = {2014},
  title = {{BigDND}: Big Dynamic Network Data},
  howpublished = {},
  organization = {MIT Computer Science and Artificial Intelligence Laboratory},
  address = {},
  note = {},

  language = {},
  url = {https://projects.csail.mit.edu/dnd/},
}

@electronic{tasf14,
  author = {{The Apache Software Foundation}},
  month = {},
  year = {2014},
  title = {{Apache} {Spark}},
  howpublished = {},
  organization = {The Apache Software Foundation},
  address = {},
  note = {},

  language = {},
  url = {https://spark.apache.org/},
}
