@inproceedings{babcock02,
  author = {Brian Babcock and Shivnath Babu and Mayur Datar and Rajeev Motwani},
  title = {Models and issues in data stream systems},
  booktitle = {Proc.\@ {PODS}'02},
  year = {2002},

  series = {},
  editor = {},
  volume = {},
  number = {},
  organization = {},
  address = {New York, NY, USA},
  publisher = {ACM},
  month = {},
  pages = {1--16},
  note = {},

  intype = {},
  language = {},
  paper = {},
  type = {},
  url = {},
}

@book{beebe17,
  author = {Nelson H F Beebe},
  editor = {},
  title = {The Mathematical-Function Computation Handbook},
  publisher = {Springer-Verlag},
  year = {2017},

  edition = {},
  series = {},
  address = {Berlin, Germany},
  month = {},
  volume = {},
  number = {},
  note = {},

  language = {},
  url = {},
}

@book{bentley00,
  author = {Jon Bentley},
  editor = {},
  title = {Programming Pearls},
  publisher = {Addison-Wesley},
  year = {2000},

  edition = {2},
  series = {},
  address = {Reading, MA, USA},
  month = {},
  volume = {},
  number = {},
  note = {},

  language = {},
  url = {},
}

@article{boute92,
  author = {Raymond T Boute},
  title = {The {Euclidean} definition of the functions div and mod},
  journal = {{ACM} Trans.\@ Program.\@ Lang.\@ Syst.\@},
  year = {1992},

  volume = {14},
  number = {2},
  pages = {127--144},
  month = {},
  note = {},

  language = {},
  url = {},
}

@inproceedings{breslauer11,
  author = {Dany Breslauer and Zvi Galil},
  title = {Real-Time Streaming String-Matching},
  booktitle = {Proc.\@ {CPM}'11},
  year = {2011},

  series = {},
  editor = {},
  volume = {},
  number = {},
  organization = {},
  address = {Palermo, Italy},
  publisher = {Springer-Verlag},
  month = {},
  pages = {162--172},
  note = {},

  intype = {},
  language = {},
  paper = {},
  type = {},
  url = {},
}

@inproceedings{charikar02,
  author = {Moses Charikar and Kevin Chen and Martin Farach-Colton},
  title = {Finding frequent items in data streams},
  booktitle = {Proc.\@ {ICALP}'02},
  year = {2002},

  series = {},
  editor = {},
  volume = {},
  number = {},
  organization = {},
  address = {Berlin, Germany},
  publisher = {Springer-Verlag},
  month = {},
  pages = {693--703},
  note = {},

  intype = {},
  language = {},
  paper = {},
  type = {},
  url = {},
}

@article{choi20,
  author = {Charles Q Choi},
  title = {Migrating big astronomy data to the cloud},
  journal = {Nature},
  year = {2020},

  volume = {584},
  number = {1},
  pages = {159--160},
  month = {},
  note = {},

  language = {},
  url = {},
}

@book{cormen01,
  author = {Thomas H Cormen and Charles E Leiserson and Ronald L Rivest and Clifford Stein},
  editor = {},
  title = {Introduction to Algorithms},
  publisher = {MIT Press},
  year = {2001},

  edition = {2},
  series = {},
  address = {Cambridge, MA, USA},
  month = {},
  volume = {},
  number = {},
  note = {},

  language = {},
  url = {},
}

@article{cormode05,
  author = {Graham Cormode and S Muthukrishnan},
  title = {An improved data stream summary: the count-min sketch and its applications},
  journal = {J.\@ Algorithms},
  year = {2005},

  volume = {55},
  number = {1},
  pages = {58--75},
  month = {},
  note = {},

  language = {},
  url = {},
}

@inproceedings{cormode12,
  author = {Graham Cormode and Cecilia Procopiuc and Divesh Srivastava and Thanh T L Tran},
  title = {Differentially private summaries for sparse data},
  booktitle = {Proc.\@ {ICDT}'12},
  year = {2012},

  series = {},
  editor = {},
  volume = {},
  number = {},
  organization = {},
  address = {New York, NY, USA},
  publisher = {ACM},
  month = {},
  pages = {299--311},
  note = {},

  intype = {},
  language = {},
  paper = {},
  type = {},
  url = {},
}

@book{cormode20,
  author = {Graham Cormode and Ke Yi},
  editor = {},
  title = {Small Summaries for Big Data},
  publisher = {Cambridge Univ.\@ Press},
  year = {2020},

  edition = {},
  series = {},
  address = {Cambridge, U.K.\@},
  month = {},
  volume = {},
  number = {},
  note = {},

  language = {},
  url = {},
}

@inproceedings{dasu02,
  author = {Tamraparni Dasu and Theodore Johnson and S Muthukrishnan and Vladislav Shkapenyuk},
  title = {Mining Database Structure; Or, How to Build a Data Quality Browser},
  booktitle = {Proc.\@ {SIGMOD}'02},
  year = {2002},

  series = {},
  editor = {},
  volume = {},
  number = {},
  organization = {},
  address = {Madison, WI, USA},
  publisher = {ACM},
  month = {},
  pages = {240--251},
  note = {},

  intype = {},
  language = {},
  paper = {},
  type = {},
  url = {},
}

@incollection{demetrescu10,
  author = {Camil Demetrescu and David Eppstein and Zvi Galil and Giuseppe F Italiano},
  title = {Dynamic graph algorithms},
  booktitle = {Algorithms and theory of computation handbook: general concepts and techniques},
  year = {2010},

  edition = {2},
  series = {},
  editor = {Mikhail J Atallah and Marina Blanton},
  address = {London, U.K.\@},
  publisher = {Chapman \& Hall},
  month = {},
  volume = {},
  number = {},
  chapter = {9},
  type = {},
  pages = {9},
  note = {},

  language = {},
  url = {},
}

@article{fleming86,
  author = {Philip J Fleming and John J Wallace},
  title = {How not to lie with statistics: the correct way to summarize benchmark results},
  journal = {Commun.\@ {ACM}},
  year = {1986},

  volume = {29},
  number = {3},
  pages = {218--221},
  month = {},
  note = {},

  language = {},
  url = {},
}

@electronic{francis12,
  author = {Matthew Francis},
  month = {},
  year = {2012},
  title = {Future telescope array drives development of exabyte processing},
  howpublished = {},
  organization = {Ars Technica},
  address = {},
  note = {},

  language = {},
  url = {https://arstechnica.com/science/2012/04/future-telescope-array-drives-development-of-exabyte-processing/},
}

@book{graham94,
  author = {Ronald L Graham and Donald E Knuth and Oren Patashnik},
  editor = {},
  title = {Concrete Mathematics: A Foundation for Computer Science},
  publisher = {Addison-Wesley},
  year = {1994},

  edition = {2},
  series = {},
  address = {Reading, MA, USA},
  month = {},
  volume = {},
  number = {},
  note = {},

  language = {},
  url = {}
}

@article{gueron12,
  author = {Shay Gueron},
  title = {Efficient software implementations of modular exponentiation},
  journal = {J.\@ Cryptographic Eng.\@},
  year = {2012},

  volume = {2},
  number = {},
  pages = {31--43},
  month = {},
  note = {},

  language = {},
  url = {},
}

@book{higham02,
  author = {Nicholas John Higham},
  editor = {},
  title = {Accuracy and Stability of Numerical Algorithms},
  publisher = {SIAM},
  year = {2002},

  edition = {2},
  series = {},
  address = {Philadelphia, PA, USA},
  month = {},
  volume = {},
  number = {},
  note = {},

  language = {},
  url = {},
}

@article{hilbert11,
  author = {Martin Hilbert},
  title = {The World's Technological Capacity to Store, Communicate, and Compute Information},
  journal = {Science},
  year = {2011},

  volume = {332},
  number = {},
  pages = {60--65},
  month = {},
  note = {},

  language = {},
  url = {},
}

@electronic{ibm20,
  author = {{IBM}},
  month = {},
  year = {2020},
  title = {Big data analytics},
  howpublished = {},
  organization = {IBM},
  address = {},
  note = {},

  language = {},
  url = {https://www.ibm.com/analytics/hadoop/big-data-analytics},
}

@article{karp87,
  author = {Richard M Karp and Michael O Rabin},
  title = {Efficient randomized pattern-matching algorithms},
  journal = {{IBM} J.\@ Res.\@ Development},
  year = {1987},

  volume = {31},
  number = {2},
  pages = {249--260},
  month = {},
  note = {},

  language = {},
  url = {},
}

@techreport{karp92,
  author = {Richard M Karp},
  title = {On-Line Algorithms Versus Off-Line Algorithms: How Much is it Worth to Know the Future?},
  institution = {Int.\@ Comput.\@ Sci.\@ Inst.\@},
  year = {1992},

  address = {Berkeley, CA, USA},
  number = {TR-92-044},
  type = {},
  month = {},
  note = {},

  language = {},
  howpublished = {},
  url = {},
}

@inproceedings{kiezun07,
  author = {Adam Kiezun and Michael D Ernst and Frank Tip and Robert M Fuhrer},
  title = {Refactoring for Parameterizing {Java} Classes},
  booktitle = {Proc.\@ {ICSE}'07},
  year = {2007},

  series = {},
  editor = {},
  volume = {},
  number = {},
  organization = {},
  address = {},
  publisher = {},
  month = {},
  pages = {437--446},
  note = {},

  intype = {},
  language = {},
  paper = {},
  type = {},
  url = {},
}

@book{knuth97,
  author = {Donald E Knuth},
  editor = {},
  title = {The Art of Computer Programming},
  publisher = {Addison-Wesley},
  year = {1997},

  edition = {3},
  series = {},
  address = {Reading, MA, USA},
  month = {},
  volume = {1},
  number = {},
  note = {},

  language = {},
  url = {},
}

@inproceedings{kuperberg09,
  author = {Michael Kuperberg and Martin Krogmann and Ralf Reussner},
  title = {{TimerMeter}: Quantifying Properties of Software Timers for System Analysis},
  booktitle = {Proc.\@ {QEST}'09},
  year = {2009},

  series = {},
  editor = {},
  volume = {},
  number = {},
  organization = {},
  address = {Budapest, Hungary},
  publisher = {IEEE},
  month = {},
  pages = {85--94},
  note = {},

  intype = {},
  language = {},
  paper = {},
  type = {},
  url = {},
}

@article{lambert08,
  author = {Jonathan M Lambert and James F Power},
  title = {Platform Independent Timing of {Java} Virtual Machine Bytecode Instructions},
  journal = {Electron.\@ Notes Theor.\@ Comput.\@ Sci.\@},
  year = {2008},

  volume = {220},
  number = {3},
  pages = {97--113},
  month = {},
  note = {},

  language = {},
  url = {},
}

@inproceedings{liu11,
  author = {Haiqin Liu and Yan Sun and Min Sik Kim},
  title = {Fine-Grained {DDoS} Detection Scheme Based on Bidirectional Count Sketch},
  booktitle = {Proc.\@ {ICCCN}'11},
  year = {2011},

  series = {},
  editor = {},
  volume = {},
  number = {},
  organization = {},
  address = {Lahaina, HI, USA},
  publisher = {IEEE},
  month = {},
  pages = {1--6},
  note = {},

  intype = {},
  language = {},
  paper = {},
  type = {},
  url = {},
}

@inproceedings{luo04,
  author = {Y Luo and L K John and L Eeckhout},
  title = {Self-monitored adaptive cache warm-up for microprocessor simulation},
  booktitle = {Proc.\@ {SBAC-PAD}'04},
  year = {2004},

  series = {},
  editor = {},
  volume = {},
  number = {},
  organization = {},
  address = {Foz do Iguacu, Brazil},
  publisher = {IEEE},
  month = {},
  pages = {10--17},
  note = {},

  intype = {},
  language = {},
  paper = {},
  type = {},
  url = {},
}

@article{mershad10,
  author = {Khaleel Mershad and Hassan Artail},
  title = {{SSUM}: Smart Server Update Mechanism for Maintaining Cache Consistency in Mobile Environments},
  journal = {{IEEE} Trans.\@ Mobile Comput.\@},
  year = {2010},

  volume = {9},
  number = {6},
  pages = {778--795},
  month = {},
  note = {},

  language = {},
  url = {},
}

@book{mitzenmacher05,
  author = {Michael Mitzenmacher and Eli Upfal},
  editor = {},
  title = {Probability and Computing: Randomized Algorithms and Probabilistic Analysis},
  publisher = {Cambridge Univ.\@ Press},
  year = {2005},

  edition = {2},
  series = {},
  address = {Cambridge, U.K.\@},
  month = {},
  volume = {},
  number = {},
  note = {},

  language = {},
  url = {},
}

@article{morris78,
  author = {Robert Morris},
  title = {Counting large numbers of events in small registers},
  journal = {Commun.\@ {ACM}},
  year = {1978},

  volume = {21},
  number = {10},
  pages = {840--842},
  month = {},
  note = {},

  language = {},
  url = {},
}

@book{muller10,
  author = {Jean-Michel Muller and Nicolas Brisebarre and Florent de Dinechin and Claude-Pierre Jeannerod and Vincent Lef\`{e}vre and Guillaume Melquiond and Nathalie Revol and Damien Stehl\'{e} and Serge Torres},
  editor = {},
  title = {Handbook of Floating-Point Arithmetic},
  publisher = {Birkh\"{a}user},
  year = {2010},

  edition = {1},
  series = {},
  address = {Cambridge, MA, USA},
  month = {},
  volume = {},
  number = {},
  note = {},

  language = {},
  url = {},
}

@electronic{o14,
  author = {{Oracle Corporation}},
  month = {},
  year = {1995},
  title = {{Java}},
  howpublished = {},
  organization = {Oracle Corporation},
  address = {},
  note = {},

  language = {},
  url = {https://www.java.com/},
}

@article{pagh13,
  author = {Rasmus Pagh},
  title = {Compressed matrix multiplication},
  journal = {{ACM} Trans.\@ Computation Theory},
  year = {2013},

  volume = {5},
  number = {3},
  pages = {1--17},
  month = {},
  note = {},

  language = {},
  url = {},
}

@electronic{psf91,
  author = {{Python Software Foundation}},
  month = {},
  year = {1991},
  title = {{Python}},
  howpublished = {},
  organization = {Python Software Foundation},
  address = {},
  note = {},

  language = {},
  url = {https://www.python.org/},
}

@article{pukelsheim94,
  author = {Friedrich Pukelsheim},
  title = {The Three Sigma Rule},
  journal = {The American Statistician},
  year = {1994},

  volume = {48},
  number = {2},
  pages = {88--91},
  month = {},
  note = {},

  language = {},
  url = {},
}

@article{singh07,
  author = {D Singh and A M Ibrahim and T Yohanna and J N Singh},
  title = {An overview of the applications of multisets},
  journal = {Novi Sad J.\@ Math.\@},
  year = {2007},

  volume = {37},
  number = {2},
  pages = {73--92},
  month = {},
  note = {},

  language = {},
  url = {},
}

@book{smed06,
  author = {Jouni Smed and Harri Hakonen},
  editor = {},
  title = {Algorithms and Networking for Computer Games},
  publisher = {Wiley},
  year = {2006},

  edition = {},
  series = {},
  address = {Hoboken, NJ, USA},
  month = {},
  volume = {},
  number = {},
  note = {},

  language = {},
  url = {},
}

@electronic{tasf06,
  author = {{The Apache Software Foundation}},
  month = {},
  year = {2006},
  title = {{Apache} {Hadoop}},
  howpublished = {},
  organization = {The Apache Software Foundation},
  address = {},
  note = {},

  language = {},
  url = {https://hadoop.apache.org/},
}

@electronic{tasf11,
  author = {{The Apache Software Foundation}},
  month = {},
  year = {2011},
  title = {{Apache} {Flink}},
  howpublished = {},
  organization = {The Apache Software Foundation},
  address = {},
  note = {},

  language = {},
  url = {https://flink.apache.org/},
}

@electronic{tasf14,
  author = {{The Apache Software Foundation}},
  month = {},
  year = {2014},
  title = {{Apache} {Spark}},
  howpublished = {},
  organization = {The Apache Software Foundation},
  address = {},
  note = {},

  language = {},
  url = {https://spark.apache.org/},
}

@inproceedings{thorup00,
  author = {Mikkel Thorup},
  title = {Even Strongly Universal Hashing is Pretty Fast},
  booktitle = {Proc.\@ {SODA}'00},
  year = {2000},

  series = {},
  editor = {},
  volume = {},
  number = {},
  organization = {},
  address = {San Francisco, CA, USA},
  publisher = {SIAM},
  month = {},
  pages = {496-497},
  note = {},

  intype = {},
  language = {},
  paper = {},
  type = {},
  url = {},
}

@inproceedings{thorup04,
  author = {Mikkel Thorup and Yin Zhang},
  title = {Tabulation Based 4-Universal Hashing with Applications to Second Moment Estimation},
  booktitle = {Proc.\@ {SODA}'04},
  year = {2004},

  series = {},
  editor = {},
  volume = {},
  number = {},
  organization = {},
  address = {Florham Oark, NJ, USA},
  publisher = {AT\&T Labs},
  month = {},
  pages = {615--624},
  note = {},

  intype = {},
  language = {},
  paper = {},
  type = {},
  url = {},
}

@techreport{tridgell96,
  author = {Andrew Tridgell and Paul Mackerras},
  title = {The rsync algorithm},
  institution = {Australian Nat.\@ Univ.\@},
  year = {1996},

  address = {Canberra, Australia},
  number = {TR-CS-96-05},
  type = {},
  month = {},
  note = {},

  language = {},
  howpublished = {},
  url = {},
}

@inproceedings{wang13,
  author = {Lu Wang and Ge Luo and Ke Yi and Graham Cormode},
  title = {Quantiles over data streams: an experimental study},
  booktitle = {Proc.\@ {SIGMOD}'13},
  year = {2013},

  series = {},
  editor = {},
  volume = {},
  number = {},
  organization = {},
  address = {New York, NY, USA},
  publisher = {ACM},
  month = {},
  pages = {737--748},
  note = {},

  intype = {},
  language = {},
  paper = {},
  type = {},
  url = {},
}

@book{warren12,
  author = {Warren, Jr, Henry S},
  editor = {},
  title = {Hacker's Delight},
  publisher = {Addison-Wesley},
  year = {2012},

  edition = {2},
  series = {},
  address = {Westford, MA, USA},
  month = {},
  volume = {},
  number = {},
  note = {},

  language = {},
  url = {},
}

@article{yanase19,
  author = {Juri Yanase and Evangelos Triantaphyllou},
  title = {A systematic survey of computer-aided diagnosis in medicine: Past and present developments},
  journal = {Expert Syst.\@ Appl.\@},
  year = {2019},

  volume = {138},
  number = {},
  pages = {},
  month = {},
  note = {},

  language = {},
  url = {},
}
